<?xml version="1.0" encoding="UTF-8"?><collection xmlns="http://www.loc.gov/MARC21/slim"><record><leader>00485nam--2200145-i-4500</leader><controlfield tag="001">000030428</controlfield><controlfield tag="002">20161230</controlfield><controlfield tag="005">20161230201038</controlfield><controlfield tag="008">060222s1000------------r-----000-0-eng-d</controlfield><datafield ind1=" " ind2=" " tag="080"><subfield code="a">621.039.8:614.8</subfield></datafield><datafield ind1=" " ind2=" " tag="100"><subfield code="a">Irina Negoescu, Maria Constantinescu, Iosif Dema, Eugen Gard Si Stefania Spiridon</subfield></datafield><datafield ind1=" " ind2=" " tag="245"><subfield code="a">Manipularea radioizotopior, lucrari practice</subfield></datafield><datafield ind1=" " ind2=" " tag="260"><subfield code="a">Bucuresti, I.D.T., 1971, 99 P</subfield></datafield><datafield ind1=" " ind2=" " tag="490"><subfield code="a">Cursurile Pentru Utilizarea Izotopilor Si Radiatiilor (Cuir)</subfield></datafield><datafield ind1=" " ind2=" " tag="852"><subfield code="a">34768</subfield></datafield></record></collection>